@article{ochoa2002eeg,
  title={EEG signal classification for brain computer interface applications},
  author={Ochoa, Jorge Baztarrica and others},
  journal={Ecole Polytechnique Federale De Lausanne},
  volume={7},
  pages={1--72},
  year={2002},
  publisher={Citeseer}
}

@inproceedings{gupta1996preprocessing,
  title={Preprocessing EEG signals for direct human-system interface},
  author={Gupta, Sanjay and Singh, Harvinder},
  booktitle={Proceedings IEEE International Joint Symposia on Intelligence and Systems},
  pages={32--37},
  year={1996},
  organization={IEEE}
}

@article{goldberger2000physiobank,
  title={PhysioBank, PhysioToolkit, and PhysioNet: components of a new research resource for complex physiologic signals},
  author={Goldberger, Ary L and Amaral, Luis AN and Glass, Leon and Hausdorff, Jeffrey M and Ivanov, Plamen Ch and Mark, Roger G and Mietus, Joseph E and Moody, George B and Peng, Chung-Kang and Stanley, H Eugene},
  journal={circulation},
  volume={101},
  number={23},
  pages={e215--e220},
  year={2000},
  publisher={Am Heart Assoc}
}

@article{schalk2004bci2000,
  title={BCI2000: a general-purpose brain-computer interface (BCI) system},
  author={Schalk, Gerwin and McFarland, Dennis J and Hinterberger, Thilo and Birbaumer, Niels and Wolpaw, Jonathan R},
  journal={IEEE Transactions on biomedical engineering},
  volume={51},
  number={6},
  pages={1034--1043},
  year={2004},
  publisher={IEEE}
}
